@article{Dirac1953888,
  title   = "The {Lorentz} transformation and absolute time",
  journal = "Physica ",
  volume  = "19",
  number  = "1-–12",
  pages   = "888--896",
  year    = "1953",
  doi     = "10.1016/S0031-8914(53)80099-6",
  author  = "P. A. M. Dirac"
}

@article{Feynman1963118,
  title   = "The theory of a general quantum system interacting with a linear dissipative system",
  journal = "Annals of Physics ",
  volume  = "24",
  pages   = "118--173",
  year    = "1963",
  doi     = "10.1016/0003-4916(63)90068-X",
  author  = "R. P Feynman and F. L {Vernon Jr.}"
}



@article{pérez-flores2017a,
	title = {Leaf litter and its nutrient contribution in the cacao agroforestry system},
	author = {{Pérez-Flores}, {Julián} and {Pérez}, Alejandra Arias and {Suárez}, Yesenia Primo and Bolaina, {Vinicio Calderón} and Quiroga, {Asunción López}},
	year = {2017},
	month = {06},
	date = {2017-06-15},
	journal = {Agroforestry Systems},
	doi = {10.1007/s10457-017-0096-3},
	url = {http://dx.doi.org/10.1007/s10457-017-0096-3},
	langid = {en}
}


@article{bai2022leaf,
  title={Leaf litter species affects decomposition rate and nutrient release in a cocoa plantation},
  author={Bai, Shahla Hosseini and Gallart, Marta and Singh, Kanika and Hannet, Godfrey and Komolong, Birte and Yinil, David and Field, Damien J and Muqaddas, Bushra and Wallace, Helen M},
  journal={Agriculture, Ecosystems \& Environment},
  volume={324},
  pages={107705},
  year={2022},
  publisher={Elsevier}
}



@article{fontes2014nutrient,
  title={Nutrient stocks in litterfall and litter in cocoa agroforests in Brazil},
  author={Fontes, AG and Gama-Rodrigues, AC and Gama-Rodrigues, EF and Sales, MVS and Costa, MG and Machado, RCR},
  journal={Plant and soil},
  volume={383},
  number={1},
  pages={313--335},
  year={2014},
  publisher={Springer}
}


@article{adebayo2020assessment,
  title={Assessment of Agricultural Extension Services delivery to Cotton Farmers in Oyo State, Nigeria},
  author={Adebayo, SA and Bolarin, O and Malomo, OJ and Sulaimon, OF},
  journal={PAT},
  volume={16},
  number={1},
  pages={60--74},
  year={2020}
}